@article{blackmore2010probabilistic,
  title={A probabilistic particle-control approximation of chance-constrained stochastic predictive control},
  author={Blackmore, Lars and Ono, Masahiro and Bektassov, Askar and Williams, Brian C},
  journal={IEEE transactions on Robotics},
  volume={26},
  number={3},
  pages={502--517},
  year={2010},
  publisher={IEEE}
}

@article{andrieu2004particle,
  title={Particle methods for change detection, system identification, and control},
  author={Andrieu, Christophe and Doucet, Arnaud and Singh, Sumeetpal S and Tadic, Vladislav B},
  journal={Proceedings of the IEEE},
  volume={92},
  number={3},
  pages={423--438},
  year={2004},
  publisher={IEEE}
}

@article{mesbah2016stochastic,
  title={Stochastic model predictive control: An overview and perspectives for future research},
  author={Mesbah, Ali},
  journal={IEEE Control Systems},
  volume={36},
  number={6},
  pages={30--44},
  year={2016},
  publisher={IEEE}
}

@article{sehr2018stochastic,
  title={Stochastic output-feedback model predictive control},
  author={Sehr, Martin A and Bitmead, Robert R},
  journal={Automatica},
  volume={94},
  pages={315--323},
  year={2018},
  publisher={Elsevier}
}

